<?xml version="1.0" encoding="UTF-8"?><record xmlns="http://www.loc.gov/MARC21/slim" xmlns:cinclude="http://apache.org/cocoon/include/1.0" xmlns:zs="http://www.loc.gov/zing/srw/">
  <leader>01766cz  a2200325n  4500</leader>
  <controlfield tag="001">n  86024004 </controlfield>
  <controlfield tag="003">DLC</controlfield>
  <controlfield tag="005">20130126074758.0</controlfield>
  <controlfield tag="008">870406n| azannaabn          |b aaa     c</controlfield>
  <datafield tag="010" ind1=" " ind2=" ">
    <subfield code="a">n  86024004 </subfield>
    <subfield code="z">n  87823455 </subfield>
    <subfield code="z">nr 87000397 </subfield>
  </datafield>
  <datafield tag="035" ind1=" " ind2=" ">
    <subfield code="a">(OCoLC)oca01826438</subfield>
  </datafield>
  <datafield tag="040" ind1=" " ind2=" ">
    <subfield code="a">NjP</subfield>
    <subfield code="b">eng</subfield>
    <subfield code="e">rda</subfield>
    <subfield code="c">DLC</subfield>
    <subfield code="d">DLC</subfield>
    <subfield code="d">InU</subfield>
    <subfield code="d">DLC</subfield>
    <subfield code="d">OrU</subfield>
    <subfield code="d">ICU</subfield>
  </datafield>
  <datafield tag="046" ind1=" " ind2=" ">
    <subfield code="f">19020731</subfield>
    <subfield code="g">19750407</subfield>
  </datafield>
  <datafield tag="053" ind1=" " ind2="0">
    <subfield code="a">PG3476.I87</subfield>
  </datafield>
  <datafield tag="100" ind1="1" ind2=" ">
    <subfield code="a">Ivanov, Valentin,</subfield>
    <subfield code="d">1902-1975</subfield>
  </datafield>
  <datafield tag="370" ind1=" " ind2=" ">
    <subfield code="a">Samarqand, Uzbekistan</subfield>
    <subfield code="b">Moscow, Russia</subfield>
    <subfield code="e">Moscow, Russia</subfield>
  </datafield>
  <datafield tag="372" ind1=" " ind2=" ">
    <subfield code="a">Historical fiction</subfield>
    <subfield code="2">lcsh</subfield>
  </datafield>
  <datafield tag="375" ind1=" " ind2=" ">
    <subfield code="a">male</subfield>
  </datafield>
  <datafield tag="377" ind1=" " ind2=" ">
    <subfield code="a">rus</subfield>
  </datafield>
  <datafield tag="400" ind1="1" ind2=" ">
    <subfield code="a">Ivanov, V. D.</subfield>
    <subfield code="q">(Valentin Dmitrievich),</subfield>
    <subfield code="d">1902-1975</subfield>
  </datafield>
  <datafield tag="400" ind1="1" ind2=" ">
    <subfield code="a">Иванов, Валентин,</subfield>
    <subfield code="d">1902-1975</subfield>
  </datafield>
  <datafield tag="400" ind1="1" ind2=" ">
    <subfield code="w">nne</subfield>
    <subfield code="a">Ivanov, Valentin,</subfield>
    <subfield code="d">1902-1972?</subfield>
  </datafield>
  <datafield tag="667" ind1=" " ind2=" ">
    <subfield code="a">Non-Latin script reference not evaluated.</subfield>
  </datafield>
  <datafield tag="670" ind1=" " ind2=" ">
    <subfield code="a">His Povesti drevnikh let 1986:</subfield>
    <subfield code="b">t.p. (Valentin Ivanov) colophon (Valentin Dmitrievich Ivanov)</subfield>
  </datafield>
  <datafield tag="670" ind1=" " ind2=" ">
    <subfield code="a">USSR CIP</subfield>
    <subfield code="b">(hdg.: Ivanov, V.D.)</subfield>
  </datafield>
  <datafield tag="670" ind1=" " ind2=" ">
    <subfield code="a">His Zlatai︠a︡ t︠s︡epʹ vremen, 1987:</subfield>
    <subfield code="b">t.p. (Valentin Ivanov) p. 3 (Valentina Dmitrievicha Ivanova, 1902-1972)</subfield>
  </datafield>
  <datafield tag="670" ind1=" " ind2=" ">
    <subfield code="a">His Povesti drevnikh let, 1986:</subfield>
    <subfield code="b">p. 445 (...V.D. Ivanova, 1902-1975)</subfield>
  </datafield>
  <datafield tag="670" ind1=" " ind2=" ">
    <subfield code="a">Rusʹ iznachalʹnai︠a︡, c2009:</subfield>
    <subfield code="b">t.p. (Валентин Иванов = Valentin Ivanov) t.p. verso (Иванов В.Д. = Ivanov V.D., 1902-1975) colophon (Валентин Дмитриевич Иванов = Valentin Dmitrievich Ivanov)</subfield>
  </datafield>
  <datafield tag="670" ind1=" " ind2=" ">
    <subfield code="a">Institut russkoĭ t︠s︡ivilizat︠s︡ii WWW site, Jan. 24, 2013</subfield>
    <subfield code="b">"Ivanov Valentin Dmitrievich" webpage (Ivanov Valentin Dmitrievich; born July 31, 1902 in Samarkand; died Apr. 7, 1975 in Moscow; Russian writer, author of historical novels)</subfield>
  </datafield>
  <datafield tag="675" ind1=" " ind2=" ">
    <subfield code="a">Krat. lit. ėnt︠s︡ikl. ;</subfield>
    <subfield code="a">Bolʹsh. sov. ėnt︠s︡ikl.</subfield>
  </datafield>
</record>